% Optional fields: month, year
@UNPUBLISHED{BEOwulf,
	author = {Knut/Eivind Inc},
	title = {Dat wolf},
	note = {A highly thilling tale}
}